
@article{lecun2015deep,
  title={Deep learning},
  author={LeCun, Yann and Bengio, Yoshua and Hinton, Geoffrey},
  journal={Nature},
  volume={521},
  number={7553},
  pages={436--444},
  year={2015},
  publisher={Nature Publishing Group}
}

@inproceedings{krizhevsky_imagenet_2012,
    address = {Red Hook, NY, USA},
    title = {{ImageNet} {Classification} with {Deep} {Convolutional} {Neural} {Networks}},
    url = {http://papers.nips.cc/paper/4824-imagenet-classification-with-deep-convolutional-neural-networks.pdf},
    booktitle = {Advances in {Neural} {Information} {Processing} {Systems} 25},
    publisher = {Curran Associates, Inc.},
    author = {Krizhevsky, Alex and Sutskever, Ilya and Hinton, Geoffrey E},
    year = {2012},
    pages = {1097--1105}
}
